

@article{baevski2020wav2vec,
	title={wav2vec 2.0: A framework for self-supervised learning of speech representations},
	author={Baevski, Alexei and Zhou, Yuhao and Mohamed, Abdelrahman and Auli, Michael},
	journal={Advances in neural information processing systems},
	volume={33},
	pages={12449--12460},
	year={2020}
}


@article{chen2022wavlm,
	title={Wavlm: Large-scale self-supervised pre-training for full stack speech processing},
	author={Chen, Sanyuan and Wang, Chengyi and Chen, Zhengyang and Wu, Yu and Liu, Shujie and Chen, Zhuo and Li, Jinyu and Kanda, Naoyuki and Yoshioka, Takuya and Xiao, Xiong and others},
	journal={IEEE Journal of Selected Topics in Signal Processing},
	volume={16},
	number={6},
	pages={1505--1518},
	year={2022},
	publisher={IEEE}
}


@inproceedings{najafian2016improving,
	title={Improving speech recognition using limited accent diverse British English training data with deep neural networks},
	author={Najafian, Maryam and Safavi, Saeid and Hansen, John HL and Russell, Martin},
	booktitle={2016 IEEE 26th International Workshop on Machine Learning for Signal Processing (MLSP)},
	pages={1--6},
	year={2016},
	organization={IEEE}
}